@inproceedings{pipeline2010wan,
	title = "Cross-Language Document Summarization Based on Machine Translation Quality Prediction",
	author = "Wan, Xiaojun  and
	Li, Huiying  and
	Xiao, Jianguo",
	booktitle = "ACL",
	year = "2010",
}

@incollection{xlm,
title = {Cross-lingual Language Model Pretraining},
author = {Conneau, Alexis and Lample, Guillaume},
booktitle = {Advances in Neural Information Processing Systems},
pages = {7057--7067},
year = {2019},
publisher = {Curran Associates, Inc.},
url = {http://papers.nips.cc/paper/8928-cross-lingual-language-model-pretraining.pdf}
}

@inproceedings{xlnet,
 author = {Yang, Zhilin and Dai, Zihang and Yang, Yiming and Carbonell, Jaime and Salakhutdinov, Russ R and Le, Quoc V},
 booktitle = {Advances in Neural Information Processing Systems},
 editor = {H. Wallach and H. Larochelle and A. Beygelzimer and F. d\textquotesingle Alch\'{e}-Buc and E. Fox and R. Garnett},
 pages = {},
 publisher = {Curran Associates, Inc.},
 title = {{XLNet}: Generalized Autoregressive Pretraining for Language Understanding},
 url = {https://proceedings.neurips.cc/paper/2019/file/dc6a7e655d7e5840e66733e9ee67cc69-Paper.pdf},
 volume = {32},
 year = {2019}
}

@article{roberta,
  title={{RoBERTa}: A Robustly Optimized BERT Pretraining Approach},
  author={Liu, Yinhan and Ott, Myle and Goyal, Naman and Du, Jingfei and Joshi, Mandar and Chen, Danqi and Levy, Omer and Lewis, Mike and Zettlemoyer, Luke and Stoyanov, Veselin},
  journal={arXiv preprint arXiv:1907.11692},
  year={2019}
}

@article{taylor1953cloze,
  title={Cloze procedure: A new tool for measuring readability},
  author={Taylor, Wilson L},
  journal={Journalism Bulletin},
  volume={30},
  number={4},
  pages={415--433},
  year={1953},
  publisher={SAGE Publications Sage CA: Los Angeles, CA}
}

@article{gao2019neural,
  title={Neural approaches to conversational AI},
  author={Gao, Jianfeng and Galley, Michel and Li, Lihong and others},
  journal={Foundations and Trends in Information Retrieval},
  volume={13},
  number={2-3},
  pages={127--298},
  year={2019},
  publisher={Now Publishers, Inc.}
}

@article{lstm,
	author = {Hochreiter, Sepp and Schmidhuber, J\"{u}rgen},
	title = {Long Short-Term Memory},
	journal = {Neural Computation},
	issue_date = {November 15, 1997},
	volume = {9},
	month = nov,
	year = {1997},
	issn = {0899-7667},
	pages = {1735--1780},
	numpages = {46},
	url = {http://dx.doi.org/10.1162/neco.1997.9.8.1735},
	doi = {10.1162/neco.1997.9.8.1735},
	acmid = {1246450},
	address = {Cambridge, MA},
}

@article{gpt2,
	title={Language Models are Unsupervised Multitask Learners},
	author={Radford, Alec and Wu, Jeff and Child, Rewon and Luan, David and Amodei, Dario and Sutskever, Ilya},
	year={2019}
}

@inproceedings{gpt3,
 author = {Brown, Tom and Mann, Benjamin and Ryder, Nick and Subbiah, Melanie and Kaplan, Jared D and Dhariwal, Prafulla and Neelakantan, Arvind and Shyam, Pranav and Sastry, Girish and Askell, Amanda and Agarwal, Sandhini and Herbert-Voss, Ariel and Krueger, Gretchen and Henighan, Tom and Child, Rewon and Ramesh, Aditya and Ziegler, Daniel and Wu, Jeffrey and Winter, Clemens and Hesse, Chris and Chen, Mark and Sigler, Eric and Litwin, Mateusz and Gray, Scott and Chess, Benjamin and Clark, Jack and Berner, Christopher and McCandlish, Sam and Radford, Alec and Sutskever, Ilya and Amodei, Dario},
 booktitle = {Advances in Neural Information Processing Systems},
 pages = {1877--1901},
 publisher = {Curran Associates, Inc.},
 title = {Language Models are Few-Shot Learners},
 volume = {33},
 year = {2020}
}

@article{palm,
  title={{PaLM}: Scaling Language Modeling with Pathways},
  author={Aakanksha Chowdhery and Sharan Narang and Jacob Devlin and Maarten Bosma and Gaurav Mishra and Adam Roberts and Paul Barham and Hyung Won Chung and Charles Sutton and Sebastian Gehrmann and Parker Schuh and Kensen Shi and Sasha Tsvyashchenko and Joshua Maynez and Abhishek B Rao and Parker Barnes and Yi Tay and Noam M. Shazeer and Vinodkumar Prabhakaran and Emily Reif and Nan Du and Benton C. Hutchinson and Reiner Pope and James Bradbury and Jacob Austin and Michael Isard and Guy Gur-Ari and Pengcheng Yin and Toju Duke and Anselm Levskaya and Sanjay Ghemawat and Sunipa Dev and Henryk Michalewski and Xavier Garc{\'i}a and Vedant Misra and Kevin Robinson and Liam Fedus and Denny Zhou and Daphne Ippolito and David Luan and Hyeontaek Lim and Barret Zoph and Alexander Spiridonov and Ryan Sepassi and David Dohan and Shivani Agrawal and Mark Omernick and Andrew M. Dai and Thanumalayan Sankaranarayana Pillai and Marie Pellat and Aitor Lewkowycz and Erica Oliveira Moreira and Rewon Child and Oleksandr Polozov and Katherine Lee and Zongwei Zhou and Xuezhi Wang and Brennan Saeta and Mark D{\'i}az and Orhan Firat and Michele Catasta and Jason Wei and Kathleen S. Meier-Hellstern and Douglas Eck and Jeff Dean and Slav Petrov and Noah Fiedel},
  journal={ArXiv},
  year={2022},
  volume={abs/2204.02311}
}

@article{lambda,
  title={{LaMDA}: Language Models for Dialog Applications},
  author={Romal Thoppilan and Daniel De Freitas and Jamie Hall and Noam M. Shazeer and Apoorv Kulshreshtha and Heng-Tze Cheng and Alicia Jin and Taylor Bos and Leslie Baker and Yu Du and Yaguang Li and Hongrae Lee and Huaixiu Zheng and Amin Ghafouri and Marcelo Menegali and Yanping Huang and Maxim Krikun and Dmitry Lepikhin and James Qin and Dehao Chen and Yuanzhong Xu and Zhifeng Chen and Adam Roberts and Maarten Bosma and Yanqi Zhou and Chung-Ching Chang and I. A. Krivokon and Willard James Rusch and Marc Pickett and Kathleen S. Meier-Hellstern and Meredith Ringel Morris and Tulsee Doshi and Renelito Delos Santos and Toju Duke and Johnny Hartz S{\o}raker and Ben Zevenbergen and Vinodkumar Prabhakaran and Mark D{\'i}az and Ben Hutchinson and Kristen Olson and Alejandra Molina and Erin Hoffman-John and Josh Lee and Lora Aroyo and Ravindran Rajakumar and Alena Butryna and Matthew Lamm and V. O. Kuzmina and Joseph Fenton and Aaron Cohen and Rachel Bernstein and Ray Kurzweil and Blaise Aguera-Arcas and Claire Cui and Marian Croak and Ed Chi and Quoc Le},
  journal={ArXiv},
  year={2022},
  volume={abs/2201.08239}
}

@misc{mtnlg,
  author = {Smith, Shaden and Patwary, Mostofa and Norick, Brandon and LeGresley, Patrick and Rajbhandari, Samyam and Casper, Jared and Liu, Zhun and Prabhumoye, Shrimai and Zerveas, George and Korthikanti, Vijay and Zhang, Elton and Child, Rewon and Aminabadi, Reza Yazdani and Bernauer, Julie and Song, Xia and Shoeybi, Mohammad and He, Yuxiong and Houston, Michael and Tiwary, Saurabh and Catanzaro, Bryan},
  title = {Using {DeepSpeed} and {Megatron} to Train {Megatron-Turing NLG 530B}, A Large-Scale Generative Language Model},
  publisher = {arXiv},
  year = {2022},
}

@misc{gopher,
  author = {Rae, Jack W. and Borgeaud, Sebastian and Cai, Trevor and Millican, Katie and Hoffmann, Jordan and Song, Francis and Aslanides, John and Henderson, Sarah and Ring, Roman and Young, Susannah and Rutherford, Eliza and Hennigan, Tom and Menick, Jacob and Cassirer, Albin and Powell, Richard and Driessche, George van den and Hendricks, Lisa Anne and Rauh, Maribeth and Huang, Po-Sen and Glaese, Amelia and Welbl, Johannes and Dathathri, Sumanth and Huang, Saffron and Uesato, Jonathan and Mellor, John and Higgins, Irina and Creswell, Antonia and McAleese, Nat and Wu, Amy and Elsen, Erich and Jayakumar, Siddhant and Buchatskaya, Elena and Budden, David and Sutherland, Esme and Simonyan, Karen and Paganini, Michela and Sifre, Laurent and Martens, Lena and Li, Xiang Lorraine and Kuncoro, Adhiguna and Nematzadeh, Aida and Gribovskaya, Elena and Donato, Domenic and Lazaridou, Angeliki and Mensch, Arthur and Lespiau, Jean-Baptiste and Tsimpoukelli, Maria and Grigorev, Nikolai and Fritz, Doug and Sottiaux, Thibault and Pajarskas, Mantas and Pohlen, Toby and Gong, Zhitao and Toyama, Daniel and d'Autume, Cyprien de Masson and Li, Yujia and Terzi, Tayfun and Mikulik, Vladimir and Babuschkin, Igor and Clark, Aidan and Casas, Diego de Las and Guy, Aurelia and Jones, Chris and Bradbury, James and Johnson, Matthew and Hechtman, Blake and Weidinger, Laura and Gabriel, Iason and Isaac, William and Lockhart, Ed and Osindero, Simon and Rimell, Laura and Dyer, Chris and Vinyals, Oriol and Ayoub, Kareem and Stanway, Jeff and Bennett, Lorrayne and Hassabis, Demis and Kavukcuoglu, Koray and Irving, Geoffrey},
  title = {Scaling Language Models: Methods, Analysis, Insights from Training Gopher},
  publisher = {arXiv},
  year = {2021},
}

@misc{glam,
  author = {Du, Nan and Huang, Yanping and Dai, Andrew M. and Tong, Simon and Lepikhin, Dmitry and Xu, Yuanzhong and Krikun, Maxim and Zhou, Yanqi and Yu, Adams Wei and Firat, Orhan and Zoph, Barret and Fedus, Liam and Bosma, Maarten and Zhou, Zongwei and Wang, Tao and Wang, Yu Emma and Webster, Kellie and Pellat, Marie and Robinson, Kevin and Meier-Hellstern, Kathleen and Duke, Toju and Dixon, Lucas and Zhang, Kun and Le, Quoc V and Wu, Yonghui and Chen, Zhifeng and Cui, Claire},
  title = {GLaM: Efficient Scaling of Language Models with Mixture-of-Experts},
  publisher = {arXiv},
  year = {2021}
}

@misc{atlas,
  author = {Izacard, Gautier and Lewis, Patrick and Lomeli, Maria and Hosseini, Lucas and Petroni, Fabio and Schick, Timo and Dwivedi-Yu, Jane and Joulin, Armand and Riedel, Sebastian and Grave, Edouard},
  title = {Few-shot Learning with Retrieval Augmented Language Models},
  publisher = {arXiv},
  year = {2022}
}

@inproceedings{lu2022order,
    title = "Fantastically Ordered Prompts and Where to Find Them: Overcoming Few-Shot Prompt Order Sensitivity",
    author = "Lu, Yao  and
      Bartolo, Max  and
      Moore, Alastair  and
      Riedel, Sebastian  and
      Stenetorp, Pontus",
    booktitle = "Proceedings of the 60th Annual Meeting of the Association for Computational Linguistics (Volume 1: Long Papers)",
    month = may,
    year = "2022",
    address = "Dublin, Ireland",
    publisher = "Association for Computational Linguistics",
    url = "https://aclanthology.org/2022.acl-long.556",
    doi = "10.18653/v1/2022.acl-long.556",
    pages = "8086--8098",
}

@article{gnmt,
  author    = {Yonghui Wu and
               Mike Schuster and
               Zhifeng Chen and
               Quoc V. Le and
               Mohammad Norouzi and
               Wolfgang Macherey and
               Maxim Krikun and
               Yuan Cao and
               Qin Gao and
               Klaus Macherey and
               Jeff Klingner and
               Apurva Shah and
               Melvin Johnson and
               Xiaobing Liu and
               Lukasz Kaiser and
               Stephan Gouws and
               Yoshikiyo Kato and
               Taku Kudo and
               Hideto Kazawa and
               Keith Stevens and
               George Kurian and
               Nishant Patil and
               Wei Wang and
               Cliff Young and
               Jason Smith and
               Jason Riesa and
               Alex Rudnick and
               Oriol Vinyals and
               Greg Corrado and
               Macduff Hughes and
               Jeffrey Dean},
  title     = {Google's Neural Machine Translation System: Bridging the Gap between Human and Machine Translation},
  journal   = {CoRR},
  volume    = {abs/1609.08144},
  year      = {2016},
  url       = {http://arxiv.org/abs/1609.08144},
  archivePrefix = {arXiv},
  eprint    = {1609.08144}
}

@InProceedings{semi_seq,
	title = {Semi-supervised Sequence Learning},
	author = {Dai, Andrew M and Le, Quoc V},
	booktitle = {Advances in Neural Information Processing Systems},
	pages = {3079--3087},
	year = {2015},
	publisher = {Curran Associates, Inc.},
	url = {http://papers.nips.cc/paper/5949-semi-supervised-sequence-learning.pdf}
}

@inproceedings{ulmfit,
	title = "Universal Language Model Fine-tuning for Text Classification",
	author = "Howard, Jeremy  and
	Ruder, Sebastian",
	booktitle = "ACL",
	month = jul,
	year = "2018",
	address = "Melbourne, Australia",
	url = "https://www.aclweb.org/anthology/P18-1031",
	pages = "328--339"
}

@inproceedings{bert,
    title = "{BERT}: Pre-training of Deep Bidirectional Transformers for Language Understanding",
    author = "Devlin, Jacob  and
      Chang, Ming-Wei  and
      Lee, Kenton  and
      Toutanova, Kristina",
    booktitle = "Proceedings of the 2019 Conference of the North {A}merican Chapter of the Association for Computational Linguistics: Human Language Technologies, Volume 1 (Long and Short Papers)",
    month = jun,
    year = "2019",
    address = "Minneapolis, Minnesota",
    publisher = "Association for Computational Linguistics",
    url = "https://www.aclweb.org/anthology/N19-1423",
    doi = "10.18653/v1/N19-1423",
    pages = "4171--4186",
}

@article{gpt,
  author    = {Alec Radford and
               Karthik Narasimhan and
               Tim Salimans and
               Ilya Sutskever},
  title     = {Improving language understanding by generative pre-training},
  url       = {https://s3-us-west-2.amazonaws.com/openaiassets/research-covers/language-unsupervised/language understanding paper.pdf},
  year      = {2018}
}

@article{bert_mouth,
	author    = {Alex Wang and
	Kyunghyun Cho},
	title     = {{BERT} has a Mouth, and It Must Speak: {BERT} as a Markov Random Field Language Model},
	journal   = {CoRR},
	volume    = {abs/1902.04094},
	year      = {2019},
	url       = {http://arxiv.org/abs/1902.04094},
	archivePrefix = {arXiv},
	eprint    = {1902.04094},
}

@InProceedings{transformer,
title = {Attention is All you Need},
author = {Vaswani, Ashish and Shazeer, Noam and Parmar, Niki and Uszkoreit, Jakob and Jones, Llion and Gomez, Aidan N and Kaiser, {\L}ukasz and Polosukhin, Illia},
booktitle = {Advances in Neural Information Processing Systems},
pages = {5998--6008},
year = {2017},
publisher = {Curran Associates, Inc.},
url = {http://papers.nips.cc/paper/7181-attention-is-all-you-need.pdf}
}

@InProceedings{elmo,
    title = "Deep Contextualized Word Representations",
    author = "Peters, Matthew  and
      Neumann, Mark  and
      Iyyer, Mohit  and
      Gardner, Matt  and
      Clark, Christopher  and
      Lee, Kenton  and
      Zettlemoyer, Luke",
    booktitle = "Proceedings of the 2018 Conference of the North {A}merican Chapter of the Association for Computational Linguistics: Human Language Technologies, Volume 1 (Long Papers)",
    month = jun,
    year = "2018",
    address = "New Orleans, Louisiana",
    publisher = "Association for Computational Linguistics",
    url = "https://www.aclweb.org/anthology/N18-1202",
    doi = "10.18653/v1/N18-1202",
    pages = "2227--2237",
}

@inproceedings{see-etal-2017-get,
    title = "Get To The Point: Summarization with Pointer-Generator Networks",
    author = "See, Abigail  and
      Liu, Peter J.  and
      Manning, Christopher D.",
    booktitle = "Proceedings of the 55th Annual Meeting of the Association for Computational Linguistics (Volume 1: Long Papers)",
    month = jul,
    year = "2017",
    address = "Vancouver, Canada",
    publisher = "Association for Computational Linguistics",
    url = "https://www.aclweb.org/anthology/P17-1099",
    doi = "10.18653/v1/P17-1099",
    pages = "1073--1083",
}

@inproceedings{zhou-etal-2017-selective,
    title = "Selective Encoding for Abstractive Sentence Summarization",
    author = "Zhou, Qingyu  and
      Yang, Nan  and
      Wei, Furu  and
      Zhou, Ming",
    booktitle = "ACL",
    month = jul,
    year = "2017",
    address = "Vancouver, Canada",
    url = "https://www.aclweb.org/anthology/P17-1101",
    doi = "10.18653/v1/P17-1101",
    pages = "1095--1104"
}

@inproceedings{zhou-etal-2018-neural-document,
    title = "Neural Document Summarization by Jointly Learning to Score and Select Sentences",
    author = "Zhou, Qingyu  and
      Yang, Nan  and
      Wei, Furu  and
      Huang, Shaohan  and
      Zhou, Ming  and
      Zhao, Tiejun",
    booktitle = "ACL",
    month = jul,
    year = "2018",
    address = "Melbourne, Australia",
    url = "https://www.aclweb.org/anthology/P18-1061",
    pages = "654--663"
}

@article{Edunov2019PretrainedLM,
  title={Pre-trained Language Model Representations for Language Generation},
  author={Sergey Edunov and Alexei Baevski and Michael Auli},
  journal={CoRR},
  year={2019},
  volume={abs/1903.09722}
}

@article{Paulus2018ADR,
  title={A Deep Reinforced Model for Abstractive Summarization},
  author={Romain Paulus and Caiming Xiong and Richard Socher},
  journal={CoRR},
  year={2018},
  volume={abs/1705.04304}
}

@inproceedings{lin-2004-rouge,
    title = "{ROUGE}: A Package for Automatic Evaluation of Summaries",
    author = "Lin, Chin-Yew",
    booktitle = "Text Summarization Branches Out: Proceedings of the {ACL}-04 Workshop",
    month = jul,
    year = "2004",
    address = "Barcelona, Spain",
    url = "https://www.aclweb.org/anthology/W04-1013",
    pages = "74--81",
}

@inproceedings{gehrmann-etal-2018-bottom,
    title = "Bottom-Up Abstractive Summarization",
    author = "Gehrmann, Sebastian  and
      Deng, Yuntian  and
      Rush, Alexander",
    booktitle = "EMNLP",
    month = oct # "-" # nov,
    year = "2018",
    address = "Brussels, Belgium",
    url = "https://www.aclweb.org/anthology/D18-1443",
    pages = "4098--4109",
}

@inproceedings{adam,
  author    = {Diederik P. Kingma and
               Jimmy Ba},
  title     = {Adam: {A} Method for Stochastic Optimization},
  booktitle = {3rd International Conference on Learning Representations},
  year      = {2015},
    address = "San Diego, CA",
  url       = {http://arxiv.org/abs/1412.6980}
}

@inproceedings{bookcorpus,
  title={Aligning books and movies: Towards story-like visual explanations by watching movies and reading books},
  author={Zhu, Yukun and Kiros, Ryan and Zemel, Rich and Salakhutdinov, Ruslan and Urtasun, Raquel and Torralba, Antonio and Fidler, Sanja},
  booktitle={Proceedings of the IEEE international conference on computer vision},
  pages={19--27},
  year={2015}
}

@article{general:ling:intell,
  title={Learning and evaluating general linguistic intelligence},
  author={Yogatama, Dani and d'Autume, Cyprien de Masson and Connor, Jerome and Kocisky, Tomas and Chrzanowski, Mike and Kong, Lingpeng and Lazaridou, Angeliki and Ling, Wang and Yu, Lei and Dyer, Chris and Blunsom, Phil},
  journal={arXiv preprint arXiv:1901.11373},
  year={2019}
}

@article{bertsum,
  title={Fine-tune {BERT} for Extractive Summarization},
  author={Yang Liu},
  journal={CoRR},
  year={2019},
  volume={abs/1903.10318}
}

@inproceedings{squad1,
    title = "{SQ}u{AD}: 100,000+ Questions for Machine Comprehension of Text",
    author = "Rajpurkar, Pranav  and
      Zhang, Jian  and
      Lopyrev, Konstantin  and
      Liang, Percy",
    booktitle = "Proceedings of the 2016 Conference on Empirical Methods in Natural Language Processing",
    month = nov,
    year = "2016",
    address = "Austin, Texas",
    publisher = "Association for Computational Linguistics",
    url = "https://www.aclweb.org/anthology/D16-1264",
    doi = "10.18653/v1/D16-1264",
    pages = "2383--2392",
}

@inproceedings{squad2,
  author    = {Pranav Rajpurkar and
               Robin Jia and
               Percy Liang},
  title     = {Know What You Don't Know: Unanswerable Questions for {SQuAD}},
  booktitle = {ACL},
  pages     = {784--789},
  year      = {2018}
}

@inproceedings{zhou-qg-2017,
  author    = {Qingyu Zhou and
               Nan Yang and
               Furu Wei and
               Chuanqi Tan and
               Hangbo Bao and
               Ming Zhou},
  title     = {Neural Question Generation from Text: {A} Preliminary Study},
  booktitle = {NLPCC},
  pages     = {662--671},
  year      = {2017}
}

@article{song-qg-2017,
  author    = {Linfeng Song and
               Zhiguo Wang and
               Wael Hamza},
  title     = {A Unified Query-based Generative Model for Question Generation and
               Question Answering},
  journal   = {CoRR},
  volume    = {abs/1709.01058},
  year      = {2017},
  url       = {http://arxiv.org/abs/1709.01058},
  archivePrefix = {arXiv},
  eprint    = {1709.01058}
}

@inproceedings{zhao-qg-2018,
    title = "Paragraph-level Neural Question Generation with Maxout Pointer and Gated Self-attention Networks",
    author = "Zhao, Yao  and
      Ni, Xiaochuan  and
      Ding, Yuanyuan  and
      Ke, Qifa",
    booktitle = "EMNLP",
    month = oct # "-" # nov,
    year = "2018",
    address = "Brussels, Belgium",
    url = "https://www.aclweb.org/anthology/D18-1424",
    pages = "3901--3910"
}

@article{hu-mrc-2018,
  author    = {Minghao Hu and
               Furu Wei and
               Yuxing Peng and
               Zhen Huang and
               Nan Yang and
               Ming Zhou},
  title     = {Read + Verify: Machine Reading Comprehension with Unanswerable Questions},
  journal   = {CoRR},
  volume    = {abs/1808.05759},
  year      = {2018},
  url       = {http://arxiv.org/abs/1808.05759},
  archivePrefix = {arXiv},
  eprint    = {1808.05759}
}

@article{coqa,
  author    = {Siva Reddy and
               Danqi Chen and
               Christopher D. Manning},
  title     = {{CoQA}: {A} Conversational Question Answering Challenge},
  journal   = {CoRR},
  volume    = {abs/1808.07042},
  year      = {2018},
  url       = {http://arxiv.org/abs/1808.07042},
  archivePrefix = {arXiv},
  eprint    = {1808.07042}
}

@inproceedings{rush15summ,
    title = "A Neural Attention Model for Abstractive Sentence Summarization",
    author = "Rush, Alexander M.  and
      Chopra, Sumit  and
      Weston, Jason",
    booktitle = "Proceedings of the 2015 Conference on Empirical Methods in Natural Language Processing",
    month = sep,
    year = "2015",
    address = "Lisbon, Portugal",
    url = "https://www.aclweb.org/anthology/D15-1044",
    doi = "10.18653/v1/D15-1044",
    pages = "379--389",
}

@inproceedings{chopra16summ,
    title = "Abstractive Sentence Summarization with Attentive Recurrent Neural Networks",
    author = "Chopra, Sumit  and
      Auli, Michael  and
      Rush, Alexander M.",
    booktitle = "NAACL",
    month = jun,
    year = "2016",
    address = "San Diego, California",
    url = "https://www.aclweb.org/anthology/N16-1012",
    doi = "10.18653/v1/N16-1012",
    pages = "93--98",
}

@inproceedings{nallapati16summ,
    title = "Abstractive Text Summarization using Sequence-to-sequence {RNN}s and Beyond",
    author = "Nallapati, Ramesh  and
      Zhou, Bowen  and
      dos Santos, Cicero  and
      Gulcehre, Caglar  and
      Xiang, Bing",
    booktitle = "Proceedings of The 20th {SIGNLL} Conference on Computational Natural Language Learning",
    month = aug,
    year = "2016",
    address = "Berlin, Germany",
    url = "https://www.aclweb.org/anthology/K16-1028",
    doi = "10.18653/v1/K16-1028",
    pages = "280--290",
}

@article{clozepretrain19,
  title={Cloze-driven Pretraining of Self-attention Networks},
  author={Baevski, Alexei and Edunov, Sergey and Liu, Yinhan and Zettlemoyer, Luke and Auli, Michael},
  journal={arXiv preprint arXiv:1903.07785},
  year={2019}
}

@article{hierdoc19,
  title={Language Model Pre-training for Hierarchical Document Representations},
  author={Chang, Ming-Wei and Toutanova, Kristina and Lee, Kenton and Devlin, Jacob},
  journal={arXiv preprint arXiv:1901.09128},
  year={2019}
}

@article{mt-dnn,
  author    = {Xiaodong Liu and
               Pengcheng He and
               Weizhu Chen and
               Jianfeng Gao},
  title     = {Multi-Task Deep Neural Networks for Natural Language Understanding},
  journal   = {CoRR},
  volume    = {abs/1901.11504},
  year      = {2019},
  url       = {http://arxiv.org/abs/1901.11504},
  archivePrefix = {arXiv},
  eprint    = {1901.11504}
}

@misc{bert-ppt,
  author    = {Jacob Devlin},
  title     = {{BERT}: Pre-training of Deep Bidirectional Transformers for Language
               Understanding},
  url       = {https://nlp.stanford.edu/seminar/details/jdevlin.pdf?fbclid=IwAR2TBFCJOeZ9cGhxB-z5cJJ17vHN4W25oWsjI8NqJoTEmlYIYEKG7oh4tlY},
  year      = {2019}
}

@article{kingma2014adam,
  title={Adam: A method for stochastic optimization},
  author={Kingma, Diederik and Ba, Jimmy},
  journal={arXiv preprint arXiv:1412.6980},
  year={2014}
}

@inproceedings{wang2018glue,
title={{GLUE}: A Multi-Task Benchmark and Analysis Platform for Natural Language Understanding},
author={Alex Wang and Amanpreet Singh and Julian Michael and Felix Hill and Omer Levy and Samuel R. Bowman},
booktitle={International Conference on Learning Representations},
year={2019},
url={https://openreview.net/forum?id=rJ4km2R5t7},
}


@article{cola2018,
  title={Neural Network Acceptability Judgments},
  author={Warstadt, Alex and Singh, Amanpreet and Bowman, Samuel R},
  journal={arXiv preprint arXiv:1805.12471},
  year={2018}
}

@inproceedings{sst2013,
  title={Recursive deep models for semantic compositionality over a sentiment treebank},
  author={Socher, Richard and Perelygin, Alex and Wu, Jean and Chuang, Jason and Manning, Christopher D and Ng, Andrew and Potts, Christopher},
  booktitle={Proceedings of the 2013 conference on empirical methods in natural language processing},
  pages={1631--1642},
  year={2013}
}

@inproceedings{mrpc2005,
  title={Automatically constructing a corpus of sentential paraphrases},
  author={Dolan, William B and Brockett, Chris},
  booktitle={Proceedings of the Third International Workshop on Paraphrasing (IWP2005)},
  year={2005}
}

@inproceedings{winograd2012,
  title={The winograd schema challenge},
  author={Levesque, Hector and Davis, Ernest and Morgenstern, Leora},
  booktitle={Thirteenth International Conference on the Principles of Knowledge Representation and Reasoning},
  year={2012}
}

@article{sts-b2017,
  title={SemEval-2017 Task 1: Semantic Textual Similarity-Multilingual and Cross-lingual Focused Evaluation},
  author={Cer, Daniel and Diab, Mona and Agirre, Eneko and Lopez-Gazpio, Inigo and Specia, Lucia},
  journal={arXiv preprint arXiv:1708.00055},
  year={2017}
}

@article{gelu,
  title={Gaussian Error Linear Units ({GELU}s)},
  author={Hendrycks, Dan and Gimpel, Kevin},
  journal={arXiv preprint arXiv:1606.08415},
  year={2016}
}

@inproceedings{mnli2017,
    title = "A Broad-Coverage Challenge Corpus for Sentence Understanding through Inference",
    author = "Williams, Adina  and
      Nangia, Nikita  and
      Bowman, Samuel",
    booktitle = "NAACL",
    month = jun,
    year = "2018",
    address = "New Orleans, Louisiana",
    url = "https://www.aclweb.org/anthology/N18-1101",
    doi = "10.18653/v1/N18-1101",
    pages = "1112--1122"
}

@article{chen2018quora,
  title={Quora question pairs},
  author={Z. Chen and H. Zhang and X. Zhang and L. Zhao},
  year={2018}
}

@article{liu2019mt-dnn,
  title={Multi-Task Deep Neural Networks for Natural Language Understanding},
  author={Liu, Xiaodong and He, Pengcheng and Chen, Weizhu and Gao, Jianfeng},
  journal={arXiv preprint arXiv:1901.11504},
  year={2019}
}

@inproceedings{du-qg-2018,
  author    = {Xinya Du and
               Claire Cardie},
  title     = {Harvesting Paragraph-level Question-Answer Pairs from Wikipedia},
  booktitle = {ACL},
  pages     = {1907--1917},
  year      = {2018}
}

@InProceedings{label:smoothing,
  author    = {Szegedy, Christian and Vanhoucke, Vincent and Ioffe, Sergey and Shlens, Jon and Wojna, Zbigniew},
  title     = {Rethinking the inception architecture for computer vision},
  booktitle = {CVPR},
  year      = {2016},
  pages     = {2818--2826},
  doi       = {10.1109/cvpr.2016.308},
}

@inproceedings{rte1,
 author = {Dagan, Ido and Glickman, Oren and Magnini, Bernardo},
 title = {The {PASCAL} Recognising Textual Entailment Challenge},
 booktitle = {Proceedings of the First International Conference on Machine Learning Challenges: Evaluating Predictive Uncertainty Visual Object Classification, and Recognizing Textual Entailment},
 series = {MLCW'05},
 year = {2006},
 isbn = {3-540-33427-0, 978-3-540-33427-9},
 location = {Southampton, UK},
 pages = {177--190},
 numpages = {14},
 url = {http://dx.doi.org/10.1007/11736790_9},
 doi = {10.1007/11736790_9},
 acmid = {2100054},
 publisher = {Springer-Verlag},
 address = {Berlin, Heidelberg},
} 

@inproceedings{rte2,
author = {Bar-Haim, Roy and Dagan, Ido and Dolan, Bill and Ferro, Lisa and Giampiccolo, Danilo},
year = {2006},
month = {01},
title = {The second {PASCAL} recognising textual entailment challenge},
booktitle = {Proceedings of the Second {PASCAL} Challenges Workshop on Recognising Textual Entailment}
}

@inproceedings{rte3,
    title = "The Third {PASCAL} Recognizing Textual Entailment Challenge",
    author = "Giampiccolo, Danilo  and
      Magnini, Bernardo  and
      Dagan, Ido  and
      Dolan, Bill",
    booktitle = "Proceedings of the {ACL}-{PASCAL} Workshop on Textual Entailment and Paraphrasing",
    month = jun,
    year = "2007",
    address = "Prague",
    publisher = "Association for Computational Linguistics",
    url = "https://www.aclweb.org/anthology/W07-1401",
    pages = "1--9",
}

@INPROCEEDINGS{rte5,
    author = {Luisa Bentivogli and Ido Dagan and Hoa Trang Dang and Danilo Giampiccolo and Bernardo Magnini},
    title = {The Fifth PASCAL Recognizing Textual Entailment Challenge},
    booktitle = {In Proc Text Analysis Conference},
    year = {2009}
}

@article{mass,
  title={{MASS}: Masked Sequence to Sequence Pre-training for Language Generation},
  author={Song, Kaitao and Tan, Xu and Qin, Tao and Lu, Jianfeng and Liu, Tie-Yan},
  journal={arXiv preprint arXiv:1905.02450},
  year={2019}
}

@inproceedings{re3sum,
    title = "Retrieve, Rerank and Rewrite: Soft Template Based Neural Summarization",
    author = "Cao, Ziqiang  and
      Li, Wenjie  and
      Li, Sujian  and
      Wei, Furu",
    booktitle = "ACL",
    month = jul,
    year = "2018",
    address = "Melbourne, Australia",
    publisher = "Association for Computational Linguistics",
    url = "https://www.aclweb.org/anthology/P18-1015",
    pages = "152--161"
}

@inproceedings{opennmt,
    title = "{O}pen{NMT}: Open-Source Toolkit for Neural Machine Translation",
    author = "Klein, Guillaume  and
      Kim, Yoon  and
      Deng, Yuntian  and
      Senellart, Jean  and
      Rush, Alexander",
    booktitle = "Proceedings of {ACL} 2017, System Demonstrations",
    month = jul,
    year = "2017",
    address = "Vancouver, Canada",
    publisher = "Association for Computational Linguistics",
    url = "https://www.aclweb.org/anthology/P17-4012",
    pages = "67--72",
}

@inproceedings{abs,
    title = "A Neural Attention Model for Abstractive Sentence Summarization",
    author = "Rush, Alexander M.  and
      Chopra, Sumit  and
      Weston, Jason",
    booktitle = "Proceedings of the 2015 Conference on Empirical Methods in Natural Language Processing",
    month = sep,
    year = "2015",
    address = "Lisbon, Portugal",
    url = "https://www.aclweb.org/anthology/D15-1044",
    doi = "10.18653/v1/D15-1044",
    pages = "379--389",
}

@inproceedings{unilm,
title = {Unified Language Model Pre-training for Natural Language Understanding and Generation},
author = {Dong, Li and Yang, Nan and Wang, Wenhui and Wei, Furu and Liu, Xiaodong and Wang, Yu and Gao, Jianfeng and Zhou, Ming and Hon, Hsiao-Wuen},
booktitle = {Advances in Neural Information Processing Systems},
pages = {13063--13075},
year = {2019},
publisher = {Curran Associates, Inc.},
url = {http://papers.nips.cc/paper/9464-unified-language-model-pre-training-for-natural-language-understanding-and-generation.pdf}
}

@inproceedings{dae,
  title={Extracting and composing robust features with denoising autoencoders},
  author={Vincent, Pascal and Larochelle, Hugo and Bengio, Yoshua and Manzagol, Pierre-Antoine},
  booktitle={International Conference on Machine Learning},
  pages={1096--1103},
  year={2008},
  organization={ACM}
}

@article{daenoisemodel,
  title={Unsupervised machine translation using monolingual corpora only},
  author={Lample, Guillaume and Conneau, Alexis and Denoyer, Ludovic and Ranzato, Marc'Aurelio},
  journal={arXiv preprint arXiv:1711.00043},
  year={2017}
}
@article{spuriouscorr,
  title={Improved Zero-shot Neural Machine Translation via Ignoring Spurious Correlations},
  author={Gu, Jiatao and Wang, Yong and Cho, Kyunghyun and Li, Victor OK},
  journal={arXiv preprint arXiv:1906.01181},
  year={2019}
}

@inproceedings{word2vec,
  title={Distributed representations of words and phrases and their compositionality},
  author={Mikolov, Tomas and Sutskever, Ilya and Chen, Kai and Corrado, Greg S and Dean, Jeff},
  booktitle={Advances in Neural Information Processing Systems},
  pages={3111--3119},
  year={2013}
}

@inproceedings{glove,
  title={Glove: Global vectors for word representation},
  author={Pennington, Jeffrey and Socher, Richard and Manning, Christopher},
  booktitle={EMNLP},
  pages={1532--1543},
  year={2014}
}

@inproceedings{mccann2017learned,
  title={Learned in translation: Contextualized word vectors},
  author={McCann, Bryan and Bradbury, James and Xiong, Caiming and Socher, Richard},
  booktitle={Advances in Neural Information Processing Systems},
  pages={6294--6305},
  year={2017}
}

@inproceedings{skip-thought,
  title={Skip-thought vectors},
  author={Kiros, Ryan and Zhu, Yukun and Salakhutdinov, Ruslan R and Zemel, Richard and Urtasun, Raquel and Torralba, Antonio and Fidler, Sanja},
  booktitle={Advances in Neural Information Processing Systems},
  pages={3294--3302},
  year={2015}
}

@article{zhang2018language,
  title={Language modeling teaches you more syntax than translation does: Lessons learned through auxiliary task analysis},
  author={Zhang, Kelly W and Bowman, Samuel R},
  journal={arXiv preprint arXiv:1809.10040},
  year={2018}
}

@article{mikolov2013exploiting,
  title={Exploiting similarities among languages for machine translation},
  author={Mikolov, Tomas and Le, Quoc V and Sutskever, Ilya},
  journal={arXiv preprint arXiv:1309.4168},
  year={2013}
}

@inproceedings{xing2015normalized,
  title={Normalized word embedding and orthogonal transform for bilingual word translation},
  author={Xing, Chao and Wang, Dong and Liu, Chao and Lin, Yiye},
  booktitle={NAACL},
  pages={1006--1011},
  year={2015}
}

@article{smith2017offline,
  title={Offline bilingual word vectors, orthogonal transformations and the inverted softmax},
  author={Smith, Samuel L and Turban, David HP and Hamblin, Steven and Hammerla, Nils Y},
  journal={arXiv preprint arXiv:1702.03859},
  year={2017}
}

@inproceedings{faruqui2014improving,
  title={Improving vector space word representations using multilingual correlation},
  author={Faruqui, Manaal and Dyer, Chris},
  booktitle={EACL},
  pages={462--471},
  year={2014}
}

@article{conneau2017word,
  title={Word translation without parallel data},
  author={Conneau, Alexis and Lample, Guillaume and Ranzato, Marc'Aurelio and Denoyer, Ludovic and J{\'e}gou, Herv{\'e}},
  journal={arXiv preprint arXiv:1710.04087},
  year={2017}
}

@article{xu2018unsupervised,
  title={Unsupervised cross-lingual transfer of word embedding spaces},
  author={Xu, Ruochen and Yang, Yiming and Otani, Naoki and Wu, Yuexin},
  journal={arXiv preprint arXiv:1809.03633},
  year={2018}
}

@article{hoshen2018non,
  title={Non-adversarial unsupervised word translation},
  author={Hoshen, Yedid and Wolf, Lior},
  journal={arXiv preprint arXiv:1801.06126},
  year={2018}
}

@article{artetxe2018robust,
  title={A robust self-learning method for fully unsupervised cross-lingual mappings of word embeddings},
  author={Artetxe, Mikel and Labaka, Gorka and Agirre, Eneko},
  journal={arXiv preprint arXiv:1805.06297},
  year={2018}
}

@article{johnson2017google,
  title={Google’s multilingual neural machine translation system: Enabling zero-shot translation},
  author={Johnson, Melvin and Schuster, Mike and Le, Quoc V and Krikun, Maxim and Wu, Yonghui and Chen, Zhifeng and Thorat, Nikhil and Vi{\'e}gas, Fernanda and Wattenberg, Martin and Corrado, Greg and others},
  journal={TACL},
  volume={5},
  pages={339--351},
  year={2017},
  publisher={MIT Press}
}

@article{tatoeba,
	author = {Mikel Artetxe and Holger Schwenk},
	title = {Massively Multilingual Sentence Embeddings for Zero-Shot Cross-Lingual Transfer and Beyond},
	journal = {Transactions of the Association for Computational Linguistics},
	volume = {7},
	number = {0},
	year = {2019},
	keywords = {},
	issn = {2307-387X},	pages = {597--610},	url = {https://transacl.org/index.php/tacl/article/view/1742}
}

@article{info:bottleneck,
  title={Deep learning and the information bottleneck principle},
  author={Naftali Tishby and Noga Zaslavsky},
  journal={2015 IEEE Information Theory Workshop (ITW)},
  year={2015},
  pages={1-5}
}

@inproceedings{xlingual:mbert:iclr20,
title={Cross-Lingual Ability of Multilingual BERT: An Empirical Study},
author={Karthikeyan K and Zihan Wang and Stephen Mayhew and Dan Roth},
booktitle={International Conference on Learning Representations},
year={2020},
url={https://openreview.net/forum?id=HJeT3yrtDr}
}

@inproceedings{emerging:xlm:acl20,
    title = "Emerging Cross-lingual Structure in Pretrained Language Models",
    author = "Conneau, Alexis  and
      Wu, Shijie  and
      Li, Haoran  and
      Zettlemoyer, Luke  and
      Stoyanov, Veselin",
    booktitle = "Proceedings of the 58th Annual Meeting of the Association for Computational Linguistics",
    month = jul,
    year = "2020",
    address = "Online",
    publisher = "Association for Computational Linguistics",
    url = "https://www.aclweb.org/anthology/2020.acl-main.536",
    doi = "10.18653/v1/2020.acl-main.536",
    pages = "6022--6034",
}

@inproceedings{wu2019beto,
    title = "Beto, Bentz, Becas: The Surprising Cross-Lingual Effectiveness of {BERT}",
    author = "Wu, Shijie  and
      Dredze, Mark",
    booktitle = "Proceedings of the 2019 Conference on Empirical Methods in Natural Language Processing and the 9th International Joint Conference on Natural Language Processing",
    month = nov,
    year = "2019",
    address = "Hong Kong, China",
    publisher = "Association for Computational Linguistics",
    url = "https://www.aclweb.org/anthology/D19-1077",
    doi = "10.18653/v1/D19-1077",
    pages = "833--844",
}

@inproceedings{xsummacl,
  title={Zero-Shot Cross-Lingual Abstractive Sentence Summarization through Teaching Generation and Attention},
  author={Duan, Xiangyu and Yin, Mingming and Zhang, Min and Chen, Boxing and Luo, Weihua},
  booktitle={ACL},
  pages={3162--3172},
  year={2019}
}

@article{xnhg,
  title={Zero-Shot Cross-Lingual Neural Headline Generation},
  author={Shen, Shiqi and Chen, Yun and Yang, Cheng and Liu, Zhiyuan and Sun, Maosong},
  journal={TASLP},
  volume={26},
  number={12},
  pages={2319--2327},
  year={2018},
  publisher={IEEE Press}
}

@article{kumar2019cross,
  title={Cross-Lingual Training for Automatic Question Generation},
  author={Kumar, Vishwajeet and Joshi, Nitish and Mukherjee, Arijit and Ramakrishnan, Ganesh and Jyothi, Preethi},
  journal={arXiv preprint arXiv:1906.02525},
  year={2019}
}

@inproceedings{multiun,
  title={The united nations parallel corpus v1. 0},
  author={Ziemski, Micha{\l} and Junczys-Dowmunt, Marcin and Pouliquen, Bruno},
  booktitle={LREC},
  pages={3530--3534},
  year={2016}
}

@inproceedings{chang2008optimizing,
  title={Optimizing Chinese word segmentation for machine translation performance},
  author={Chang, Pi-Chuan and Galley, Michel and Manning, Christopher D},
  booktitle={WMT},
  pages={224--232},
  year={2008}
}

@article{bpe,
  title={Neural machine translation of rare words with subword units},
  author={Sennrich, Rico and Haddow, Barry and Birch, Alexandra},
  journal={arXiv preprint arXiv:1508.07909},
  year={2015}
}

@article{webqa,
  title={Dataset and neural recurrent sequence labeling model for open-domain factoid question answering},
  author={Li, Peng and Li, Wei and He, Zhengyan and Wang, Xuguang and Cao, Ying and Zhou, Jie and Xu, Wei},
  journal={arXiv preprint arXiv:1607.06275},
  year={2016}
}

@article{pretrain-dae,
  title={Denoising based Sequence-to-Sequence Pre-training for Text Generation},
  author={Liang, Wang and Wei, Zhao and Ruoyu, Jia and Sujian, Li and Jingming, Liu},
  journal={arXiv preprint arXiv:1908.08206},
  year={2019}
}

@article{ncls,
  title={NCLS: Neural Cross-Lingual Summarization},
  author={Junnan, Zhu and Qian, Wang and Yining, Wang and Yu, Zhou and Jiajun, Zhang and Shaonan, Wang and Chengqing, Zong},
  journal={arXiv preprint arXiv:1909.00156},
  year={2019}
}

@inproceedings{xnli,
    title = "{XNLI}: Evaluating Cross-lingual Sentence Representations",
    author = "Conneau, Alexis  and
      Rinott, Ruty  and
      Lample, Guillaume  and
      Williams, Adina  and
      Bowman, Samuel  and
      Schwenk, Holger  and
      Stoyanov, Veselin",
    booktitle = "Proceedings of the 2018 Conference on Empirical Methods in Natural Language Processing",
    month = oct # "-" # nov,
    year = "2018",
    address = "Brussels, Belgium",
    publisher = "Association for Computational Linguistics",
    url = "https://www.aclweb.org/anthology/D18-1269",
    doi = "10.18653/v1/D18-1269",
    pages = "2475--2485",
}

@inproceedings{zhou2016cross,
  title={Cross-lingual sentiment classification with bilingual document representation learning},
  author={Zhou, Xinjie and Wan, Xiaojun and Xiao, Jianguo},
  booktitle={ACL},
  pages={1403--1412},
  year={2016}
}

@book{sig-test,
  title={An introduction to the bootstrap},
  author={Efron, Bradley and Tibshirani, Robert J},
  year={1994},
  publisher={CRC press}
}

@article{spanbert,
  title={{SpanBERT}: Improving pre-training by representing and predicting spans},
  author={Joshi, Mandar and Chen, Danqi and Liu, Yinhan and Weld, Daniel S and Zettlemoyer, Luke and Levy, Omer},
  journal={arXiv preprint arXiv:1907.10529},
  year={2019}
}

@inproceedings{xnlg,
  author    = {Zewen Chi and
               Li Dong and
               Furu Wei and
               Wenhui Wang and
               Xian{-}Ling Mao and
               Heyan Huang},
  title     = {Cross-Lingual Natural Language Generation via Pre-Training},
  booktitle = {The Thirty-Fourth {AAAI} Conference on Artificial Intelligence, {AAAI}
               2020, New York, NY, USA,
               February 7-12, 2020},
  pages     = {7570--7577},
  publisher = {{AAAI} Press},
  year      = {2020},
  url       = {https://www.aaai.org/Papers/AAAI/2020GB/AAAI-ChiZ.7682.pdf}
}

@inproceedings{alm,
  title={Alternating Language Modeling for Cross-Lingual Pre-Training},
  author={Yang, Jian and Ma, Shuming and Zhang, Dongdong and Wu, Shuangzhi and Li, Zhoujun and Zhou, Ming},
  booktitle={Thirty-Fourth AAAI Conference on Artificial Intelligence},
  year={2020}
}

@inproceedings{pires2019multilingual,
    title = "How Multilingual is Multilingual {BERT}?",
    author = "Pires, Telmo and Schlinger, Eva and Garrette, Dan",
    booktitle = "Proceedings of the 57th Annual Meeting of the Association for Computational Linguistics",
    month = jul,
    year = "2019",
    address = "Florence, Italy",
    publisher = "Association for Computational Linguistics",
    url = "https://www.aclweb.org/anthology/P19-1493",
    doi = "10.18653/v1/P19-1493",
    pages = "4996--5001"
}

@inproceedings{xlmr,
    title = "Unsupervised Cross-lingual Representation Learning at Scale",
    author = "Conneau, Alexis  and
      Khandelwal, Kartikay  and
      Goyal, Naman  and
      Chaudhary, Vishrav  and
      Wenzek, Guillaume  and
      Guzm{\'a}n, Francisco  and
      Grave, Edouard  and
      Ott, Myle  and
      Zettlemoyer, Luke  and
      Stoyanov, Veselin",
    booktitle = "Proceedings of the 58th Annual Meeting of the Association for Computational Linguistics",
    month = jul,
    year = "2020",
    address = "Online",
    publisher = "Association for Computational Linguistics",
    url = "https://www.aclweb.org/anthology/2020.acl-main.747",
    pages = "8440--8451",
}

@article{mbart,
  title={Multilingual Denoising Pre-training for Neural Machine Translation},
  author={Liu, Yinhan and Gu, Jiatao and Goyal, Naman and Li, Xian and Edunov, Sergey and Ghazvininejad, Marjan and Lewis, Mike and Zettlemoyer, Luke},
  journal={arXiv preprint arXiv:2001.08210},
  year={2020}
}

@inproceedings{unicoder,
    title = "{U}nicoder: A Universal Language Encoder by Pre-training with Multiple Cross-lingual Tasks",
    author = "Huang, Haoyang  and
      Liang, Yaobo  and
      Duan, Nan  and
      Gong, Ming  and
      Shou, Linjun  and
      Jiang, Daxin  and
      Zhou, Ming",
    booktitle = "Proceedings of the 2019 Conference on Empirical Methods in Natural Language Processing and the 9th International Joint Conference on Natural Language Processing",
    month = nov,
    year = "2019",
    address = "Hong Kong, China",
    publisher = "Association for Computational Linguistics",
    url = "https://www.aclweb.org/anthology/D19-1252",
    doi = "10.18653/v1/D19-1252",
    pages = "2485--2494",
}

@inproceedings{
infomax,
title={Learning deep representations by mutual information estimation and maximization},
author={R Devon Hjelm and Alex Fedorov and Samuel Lavoie-Marchildon and Karan Grewal and Phil Bachman and Adam Trischler and Yoshua Bengio},
booktitle={International Conference on Learning Representations},
year={2019},
url={https://openreview.net/forum?id=Bklr3j0cKX},
}

@article{moco,
  title={Momentum contrast for unsupervised visual representation learning},
  author={He, Kaiming and Fan, Haoqi and Wu, Yuxin and Xie, Saining and Girshick, Ross},
  journal={arXiv preprint arXiv:1911.05722},
  year={2019}
}

@article{simclr,
  title={A simple framework for contrastive learning of visual representations},
  author={Chen, Ting and Kornblith, Simon and Norouzi, Mohammad and Hinton, Geoffrey},
  journal={arXiv preprint arXiv:2002.05709},
  year={2020}
}

@inproceedings{hadsell2006dimensionality,
  title={Dimensionality reduction by learning an invariant mapping},
  author={Hadsell, Raia and Chopra, Sumit and LeCun, Yann},
  booktitle={2006 IEEE Computer Society Conference on Computer Vision and Pattern Recognition (CVPR'06)},
  volume={2},
  pages={1735--1742},
  year={2006},
  organization={IEEE}
}

@article{misra2019self,
  title={Self-supervised learning of pretext-invariant representations},
  author={Misra, Ishan and van der Maaten, Laurens},
  journal={arXiv preprint arXiv:1912.01991},
  year={2019}
}

@inproceedings{howmulti,
    title = "How Multilingual is Multilingual {BERT}?",
    author = "Pires, Telmo  and
      Schlinger, Eva  and
      Garrette, Dan",
    booktitle = "Proceedings of the 57th Annual Meeting of the Association for Computational Linguistics",
    month = jul,
    year = "2019",
    address = "Florence, Italy",
    publisher = "Association for Computational Linguistics",
    url = "https://www.aclweb.org/anthology/P19-1493",
    doi = "10.18653/v1/P19-1493",
    pages = "4996--5001",
}

@inproceedings{xablity,
title={Cross-Lingual Ability of Multilingual BERT: An Empirical Study},
author={Karthikeyan K and Zihan Wang and Stephen Mayhew and Dan Roth},
booktitle={International Conference on Learning Representations},
year={2020},
url={https://openreview.net/forum?id=HJeT3yrtDr}
}

@inproceedings{subword,
    title = "Subword Regularization: Improving Neural Network Translation Models with Multiple Subword Candidates",
    author = "Kudo, Taku",
    booktitle = "Proceedings of the 56th Annual Meeting of the Association for Computational Linguistics (Volume 1: Long Papers)",
    month = jul,
    year = "2018",
    address = "Melbourne, Australia",
    publisher = "Association for Computational Linguistics",
    url = "https://www.aclweb.org/anthology/P18-1007",
    doi = "10.18653/v1/P18-1007",
    pages = "66--75",
}

@article{ccnet,
  title={{CCNet}: Extracting high quality monolingual datasets from web crawl data},
  author={Wenzek, Guillaume and Lachaux, Marie-Anne and Conneau, Alexis and Chaudhary, Vishrav and Guzman, Francisco and Joulin, Armand and Grave, Edouard},
  journal={arXiv preprint arXiv:1911.00359},
  year={2019}
}

@article{wikimatrix,
  title={{WikiMatrix}: Mining {135M} parallel sentences in 1620 language pairs from {wikipedia}},
  author={Schwenk, Holger and Chaudhary, Vishrav and Sun, Shuo and Gong, Hongyu and Guzm{\'a}n, Francisco},
  journal={arXiv preprint arXiv:1907.05791},
  year={2019}
}

@inproceedings{opus,
    title = "Parallel Data, Tools and Interfaces in {OPUS}",
    author = {Tiedemann, J{\"o}rg},
    booktitle = "Proceedings of the Eighth International Conference on Language Resources and Evaluation",
    month = may,
    year = "2012",
    address = "Istanbul, Turkey",
    publisher = "European Language Resources Association",
    url = "http://www.lrec-conf.org/proceedings/lrec2012/pdf/463_Paper.pdf",
    pages = "2214--2218",
}

@inproceedings{iit,
    title = "The {IIT} {B}ombay {E}nglish-{H}indi Parallel Corpus",
    author = "Kunchukuttan, Anoop  and
      Mehta, Pratik  and
      Bhattacharyya, Pushpak",
    booktitle = "Proceedings of the Eleventh International Conference on Language Resources and Evaluation",
    month = may,
    year = "2018",
    address = "Miyazaki, Japan",
    publisher = "European Language Resources Association",
    url = "https://www.aclweb.org/anthology/L18-1548",
}

@inproceedings{bucc2,
    title = "Overview of the Second {BUCC} Shared Task: Spotting Parallel Sentences in Comparable Corpora",
    author = "Zweigenbaum, Pierre  and
      Sharoff, Serge  and
      Rapp, Reinhard",
    booktitle = "Proceedings of the 10th Workshop on Building and Using Comparable Corpora",
    month = aug,
    year = "2017",
    address = "Vancouver, Canada",
    publisher = "Association for Computational Linguistics",
    url = "https://www.aclweb.org/anthology/W17-2512",
    doi = "10.18653/v1/W17-2512",
    pages = "60--67",
}

@InProceedings{bucc3,
  author = {Pierre Zweigenbaum ,Serge Sharoff and Reinhard Rapp},
  title = {Overview of the Third BUCC Shared Task: Spotting Parallel Sentences in Comparable Corpora},
  booktitle = {Proceedings of the Eleventh International Conference on Language Resources and Evaluation},
  year = {2018},
  month = {may},
  date = {7-12},
  location = {Miyazaki, Japan},
  editor = {Reinhard Rapp and Pierre Zweigenbaum and Serge Sharoff},
  publisher = {European Language Resources Association},
  address = {Paris, France},
  isbn = {979-10-95546-07-8},
  language = {english}
}

@article{xtreme,
  title={{XTREME}: A Massively Multilingual Multi-task Benchmark for Evaluating Cross-lingual Generalization},
  author={Hu, Junjie and Ruder, Sebastian and Siddhant, Aditya and Neubig, Graham and Firat, Orhan and Johnson, Melvin},
  journal={arXiv preprint arXiv:2003.11080},
  year={2020}
}

@inproceedings{mlqa,
    title = "{MLQA}: Evaluating Cross-lingual Extractive Question Answering",
    author = "Lewis, Patrick  and
      Oguz, Barlas  and
      Rinott, Ruty  and
      Riedel, Sebastian  and
      Schwenk, Holger",
    booktitle = "Proceedings of the 58th Annual Meeting of the Association for Computational Linguistics",
    month = jul,
    year = "2020",
    address = "Online",
    publisher = "Association for Computational Linguistics",
    url = "https://www.aclweb.org/anthology/2020.acl-main.653",
    pages = "7315--7330",
}

@inproceedings{Arora2019ATA,
  title={A Theoretical Analysis of Contrastive Unsupervised Representation Learning},
  author={Sanjeev Arora and Hrishikesh Khandeparkar and Mikhail Khodak and Orestis Plevrakis and Nikunj Saunshi},
  booktitle={International Conference on Machine Learning},
  year={2019}
}

@article{infonce,
  title={Representation learning with contrastive predictive coding},
  author={Oord, Aaron van den and Li, Yazhe and Vinyals, Oriol},
  journal={arXiv preprint arXiv:1807.03748},
  year={2018}
}

@article{nwj,
  title={Estimating divergence functionals and the likelihood ratio by convex risk minimization},
  author={Nguyen, Xuanlong and Wainwright, Martin J and Jordan, Michael I},
  journal={IEEE Transactions on Information Theory},
  volume={56},
  number={11},
  pages={5847--5861},
  year={2010},
  publisher={IEEE}
}

@article{cmc,
  title={Contrastive Multiview Coding},
  author={Yonglong Tian and Dilip Krishnan and Phillip Isola},
  journal={ArXiv},
  year={2019},
  volume={abs/1906.05849}
}

@inproceedings{bachman2019learning,
  title={Learning representations by maximizing mutual information across views},
  author={Bachman, Philip and Hjelm, R Devon and Buchwalter, William},
  booktitle={Advances in Neural Information Processing Systems},
  pages={15509--15519},
  year={2019}
}

@article{cpc2,
  title={Data-Efficient Image Recognition with Contrastive Predictive Coding},
  author={Olivier J. H{\'e}naff and Aravind Srinivas and Jeffrey De Fauw and Ali Razavi and Carl Doersch and S. M. Ali Eslami and A{\"a}ron van den Oord},
  journal={ArXiv},
  year={2019},
  volume={abs/1905.09272}
}

@inproceedings{infoword,
title={A Mutual Information Maximization Perspective of Language Representation Learning},
author={Lingpeng Kong and Cyprien de Masson d'Autume and Lei Yu and Wang Ling and Zihang Dai and Dani Yogatama},
booktitle={International Conference on Learning Representations},
year={2020},
url={https://openreview.net/forum?id=Syx79eBKwr}
}

@article{xglue,
  title={{XGLUE}: A new benchmark dataset for cross-lingual pre-training, understanding and generation},
  author={Liang, Yaobo and Duan, Nan and Gong, Yeyun and Wu, Ning and Guo, Fenfei and Qi, Weizhen and Gong, Ming and Shou, Linjun and Jiang, Daxin and Cao, Guihong and others},
  journal={arXiv preprint arXiv:2004.01401},
  year={2020}
}

@article{triple:mi,
title = "On Triple Mutual Information",
journal = "Advances in Applied Mathematics",
volume = "16",
number = "3",
pages = "269 - 274",
year = "1995",
issn = "0196-8858",
doi = "https://doi.org/10.1006/aama.1995.1013",
url = "http://www.sciencedirect.com/science/article/pii/S0196885885710135",
author = "T. Tsujishita"
}

@book{pearl88,
author = {Pearl, Judea},
title = {Probabilistic Reasoning in Intelligent Systems: Networks of Plausible Inference},
year = {1988},
isbn = {0934613737},
publisher = {Morgan Kaufmann Publishers Inc.},
address = {San Francisco, CA, USA}
}

@book{fano63,
  title={Transmission of Information: A Statistical Theory of Communications},
  author={Fano, Robert M.},
  isbn={9780758193353},
  url={https://aapt.scitation.org/doi/10.1119/1.1937609},
  year={1963},
  publisher={M.I.T. Press}
}

@article{elements:mbert,
  title={Identifying Necessary Elements for {BERT}'s Multilinguality},
  author={Philipp Dufter and Hinrich Schutze},
  journal={ArXiv},
  year={2020},
  volume={abs/2005.00396}
}

@article{labse,
  title={Language-agnostic {BERT} Sentence Embedding},
  author={Feng, Fangxiaoyu and Yang, Yinfei and Cer, Daniel and Arivazhagan, Naveen and Wang, Wei},
  journal={arXiv preprint arXiv:2007.01852},
  year={2020}
}

@inproceedings{crosslingual:transfer:of:monolingual,
  author    = {Mikel Artetxe and
               Sebastian Ruder and
               Dani Yogatama},
  title     = {On the Cross-lingual Transferability of Monolingual Representations},
  booktitle = {Proceedings of the 58th Annual Meeting of the Association for Computational
               Linguistics, {ACL} 2020, Online, July 5-10, 2020},
  pages     = {4623--4637},
  publisher = {Association for Computational Linguistics},
  year      = {2020},
  url       = {https://www.aclweb.org/anthology/2020.acl-main.421/}
}

@inproceedings{mt5,
    title = "m{T}5: A Massively Multilingual Pre-trained Text-to-Text Transformer",
    author = "Xue, Linting  and
      Constant, Noah  and
      Roberts, Adam  and
      Kale, Mihir  and
      Al-Rfou, Rami  and
      Siddhant, Aditya  and
      Barua, Aditya  and
      Raffel, Colin",
    booktitle = "Proceedings of the 2021 Conference of the North American Chapter of the Association for Computational Linguistics: Human Language Technologies",
    month = jun,
    year = "2021",
    address = "Online",
    publisher = "Association for Computational Linguistics",
    url = "https://aclanthology.org/2021.naacl-main.41",
    doi = "10.18653/v1/2021.naacl-main.41",
    pages = "483--498",
}

@article{veco,
  title={{VECO}: Variable Encoder-decoder Pre-training for Cross-lingual Understanding and Generation},
  author={Luo, Fuli and Wang, Wei and Liu, Jiahao and Liu, Yijia and Bi, Bin and Huang, Songfang and Huang, Fei and Si, Luo},
  journal={arXiv preprint arXiv:2010.16046},
  year={2020}
}

@article{xlmt,
  title={XLM-T: Scaling up Multilingual Machine Translation with Pretrained Cross-lingual Transformer Encoders},
  author={Shuming Ma and Jian Yang and H. Huang and Zewen Chi and Li Dong and Dongdong Zhang and H. H. Awadalla and A. Muzio and A. Eriguchi and Saksham Singhal and Xia Song and Arul Menezes and Furu Wei},
  journal={ArXiv},
  year={2020},
  volume={abs/2012.15547}
}

@inproceedings{unilmv2,
  author    = {Bao, Hangbo and Dong, Li and Wei, Furu and Wang, Wenhui and Yang, Nan and Liu, Xiaodong and Wang, Yu and Gao, Jianfeng and Piao, Songhao and Zhou, Ming and Hon, Hsiao-Wuen},
  title     = {{UniLMv2}: Pseudo-Masked Language Models for Unified Language Model Pre-Training},
  booktitle = {Proceedings of the 37th International Conference on Machine Learning},
  pages     = {7006--7016},
  year      = {2020},
  url       = {https://proceedings.icml.cc/static/paper_files/icml/2020/3934-Paper.pdf}
}

@inproceedings{infoxlm,
    title = "{I}nfo{XLM}: An Information-Theoretic Framework for Cross-Lingual Language Model Pre-Training",
    author = "Chi, Zewen  and
      Dong, Li  and
      Wei, Furu  and
      Yang, Nan  and
      Singhal, Saksham  and
      Wang, Wenhui  and
      Song, Xia  and
      Mao, Xian-Ling  and
      Huang, Heyan  and
      Zhou, Ming",
    booktitle = "Proceedings of the 2021 Conference of the North American Chapter of the Association for Computational Linguistics: Human Language Technologies",
    month = jun,
    year = "2021",
    address = "Online",
    publisher = "Association for Computational Linguistics",
    url = "https://www.aclweb.org/anthology/2021.naacl-main.280",
    doi = "10.18653/v1/2021.naacl-main.280",
    pages = "3576--3588",
}

@inproceedings{mrasp,
    title = "Pre-training Multilingual Neural Machine Translation by Leveraging Alignment Information",
    author = "Lin, Zehui  and
      Pan, Xiao  and
      Wang, Mingxuan  and
      Qiu, Xipeng  and
      Feng, Jiangtao  and
      Zhou, Hao  and
      Li, Lei",
    booktitle = "Proceedings of the 2020 Conference on Empirical Methods in Natural Language Processing (EMNLP)",
    month = nov,
    year = "2020",
    address = "Online",
    publisher = "Association for Computational Linguistics",
    url = "https://www.aclweb.org/anthology/2020.emnlp-main.210",
    doi = "10.18653/v1/2020.emnlp-main.210",
    pages = "2649--2663",
}

@inproceedings{brlm,
  title={Cross-Lingual Pre-Training Based Transfer for Zero-Shot Neural Machine Translation},
  author={Ji, Baijun and Zhang, Zhirui and Duan, Xiangyu and Zhang, Min and Chen, Boxing and Luo, Weihua},
  booktitle={Proceedings of the AAAI Conference on Artificial Intelligence},
  volume={34},
  number={01},
  pages={115--122},
  year={2020}
}

@article{och2003systematic,
  title={A systematic comparison of various statistical alignment models},
  author={Och, Franz Josef and Ney, Hermann},
  journal={Computational linguistics},
  volume={29},
  number={1},
  pages={19--51},
  year={2003},
  publisher={MIT Press}
}

@inproceedings{simalign,
    title = "{S}im{A}lign: High Quality Word Alignments Without Parallel Training Data Using Static and Contextualized Embeddings",
    author = {Jalili Sabet, Masoud  and
      Dufter, Philipp  and
      Yvon, Fran{\c{c}}ois  and
      Sch{\"u}tze, Hinrich},
    booktitle = "Findings of the Association for Computational Linguistics: EMNLP 2020",
    month = nov,
    year = "2020",
    address = "Online",
    publisher = "Association for Computational Linguistics",
    url = "https://www.aclweb.org/anthology/2020.findings-emnlp.147",
    doi = "10.18653/v1/2020.findings-emnlp.147",
    pages = "1627--1643",
}

@inproceedings{nagata2020,
    title = "A Supervised Word Alignment Method based on Cross-Language Span Prediction using Multilingual {BERT}",
    author = "Nagata, Masaaki  and
      Chousa, Katsuki  and
      Nishino, Masaaki",
    booktitle = "Proceedings of the 2020 Conference on Empirical Methods in Natural Language Processing (EMNLP)",
    month = nov,
    year = "2020",
    address = "Online",
    publisher = "Association for Computational Linguistics",
    url = "https://www.aclweb.org/anthology/2020.emnlp-main.41",
    doi = "10.18653/v1/2020.emnlp-main.41",
    pages = "555--565",
}

@article{ibmmodel,
    title = "The Mathematics of Statistical Machine Translation: Parameter Estimation",
    author = "Brown, Peter F.  and
      Della Pietra, Stephen A.  and
      Della Pietra, Vincent J.  and
      Mercer, Robert L.",
    journal = "Computational Linguistics",
    volume = "19",
    number = "2",
    year = "1993",
    url = "https://www.aclweb.org/anthology/J93-2003",
    pages = "263--311",
}

@article{ostling2016efficient,
  title={Efficient word alignment with markov chain monte carlo},
  author={{\"O}stling, Robert and Tiedemann, J{\"o}rg},
  journal={The Prague Bulletin of Mathematical Linguistics},
  volume={106},
  number={1},
  pages={125--146},
  year={2016},
  publisher={Sciendo}
}

@article{t5,
  author  = {Colin Raffel and Noam Shazeer and Adam Roberts and Katherine Lee and Sharan Narang and Michael Matena and Yanqi Zhou and Wei Li and Peter J. Liu},
  title   = {Exploring the Limits of Transfer Learning with a Unified Text-to-Text Transformer},
  journal = {Journal of Machine Learning Research},
  year    = {2020},
  volume  = {21},
  number  = {140},
  pages   = {1-67},
  url     = {http://jmlr.org/papers/v21/20-074.html}
}

@inproceedings{fastalign,
  title={A simple, fast, and effective reparameterization of ibm model 2},
  author={Dyer, Chris and Chahuneau, Victor and Smith, Noah A},
  booktitle={Proceedings of the 2013 Conference of the North American Chapter of the Association for Computational Linguistics: Human Language Technologies},
  pages={644--648},
  year={2013}
}

@inproceedings{mermer2011bayesian,
  title={Bayesian word alignment for statistical machine translation},
  author={Mermer, Co{\c{s}}kun and Sara{\c{c}}lar, Murat},
  booktitle={Proceedings of the 49th Annual Meeting of the Association for Computational Linguistics: Human Language Technologies},
  pages={182--187},
  year={2011}
}

@inproceedings{li2019word,
  title={On the word alignment from neural machine translation},
  author={Li, Xintong and Li, Guanlin and Liu, Lemao and Meng, Max and Shi, Shuming},
  booktitle={Proceedings of the 57th Annual Meeting of the Association for Computational Linguistics},
  pages={1293--1303},
  year={2019}
}

@inproceedings{ghader-monz-2017-attention,
    title = "What does Attention in Neural Machine Translation Pay Attention to?",
    author = "Ghader, Hamidreza  and
      Monz, Christof",
    booktitle = "Proceedings of the Eighth International Joint Conference on Natural Language Processing (Volume 1: Long Papers)",
    month = nov,
    year = "2017",
    address = "Taipei, Taiwan",
    publisher = "Asian Federation of Natural Language Processing",
    url = "https://www.aclweb.org/anthology/I17-1004",
    pages = "30--39",
}

@inproceedings{koehn-knowles-2017-six,
    title = "Six Challenges for Neural Machine Translation",
    author = "Koehn, Philipp  and
      Knowles, Rebecca",
    booktitle = "Proceedings of the First Workshop on Neural Machine Translation",
    month = aug,
    year = "2017",
    address = "Vancouver",
    publisher = "Association for Computational Linguistics",
    url = "https://www.aclweb.org/anthology/W17-3204",
    doi = "10.18653/v1/W17-3204",
    pages = "28--39",
}

@article{hu2020explicit,
  title={Explicit Alignment Objectives for Multilingual Bidirectional Encoders},
  author={Hu, Junjie and Johnson, Melvin and Firat, Orhan and Siddhant, Aditya and Neubig, Graham},
  journal={arXiv preprint arXiv:2010.07972},
  year={2020}
}

@inproceedings{pawsx,
    title = "{PAWS}-{X}: A Cross-lingual Adversarial Dataset for Paraphrase Identification",
    author = "Yang, Yinfei  and
      Zhang, Yuan  and
      Tar, Chris  and
      Baldridge, Jason",
    booktitle = "Proceedings of the 2019 Conference on Empirical Methods in Natural Language Processing and the 9th International Joint Conference on Natural Language Processing (EMNLP-IJCNLP)",
    month = nov,
    year = "2019",
    address = "Hong Kong, China",
    publisher = "Association for Computational Linguistics",
    url = "https://www.aclweb.org/anthology/D19-1382",
    doi = "10.18653/v1/D19-1382",
    pages = "3687--3692",
}

@article{tydiqa,
    title = "{T}y{D}i {QA}: A Benchmark for Information-Seeking Question Answering in Typologically Diverse Languages",
    author = "Clark, Jonathan H.  and
      Choi, Eunsol  and
      Collins, Michael  and
      Garrette, Dan  and
      Kwiatkowski, Tom  and
      Nikolaev, Vitaly  and
      Palomaki, Jennimaria",
    journal = "Transactions of the Association for Computational Linguistics",
    volume = "8",
    year = "2020",
    url = "https://www.aclweb.org/anthology/2020.tacl-1.30",
    doi = "10.1162/tacl_a_00317",
    pages = "454--470",
}

@inproceedings{xquad,
    title = "On the Cross-lingual Transferability of Monolingual Representations",
    author = "Artetxe, Mikel  and
      Ruder, Sebastian  and
      Yogatama, Dani",
    booktitle = "Proceedings of the 58th Annual Meeting of the Association for Computational Linguistics",
    month = jul,
    year = "2020",
    address = "Online",
    publisher = "Association for Computational Linguistics",
    url = "https://www.aclweb.org/anthology/2020.acl-main.421",
    doi = "10.18653/v1/2020.acl-main.421",
    pages = "4623--4637",
}

@inproceedings{panx,
    title = "Cross-lingual Name Tagging and Linking for 282 Languages",
    author = "Pan, Xiaoman  and
      Zhang, Boliang  and
      May, Jonathan  and
      Nothman, Joel  and
      Knight, Kevin  and
      Ji, Heng",
    booktitle = "Proceedings of the 55th Annual Meeting of the Association for Computational Linguistics (Volume 1: Long Papers)",
    month = jul,
    year = "2017",
    address = "Vancouver, Canada",
    publisher = "Association for Computational Linguistics",
    url = "https://www.aclweb.org/anthology/P17-1178",
    doi = "10.18653/v1/P17-1178",
    pages = "1946--1958",
}

@misc{udpos,
 title = {Universal Dependencies 2.5},
 author = {Zeman, Daniel and Nivre, Joakim and Abrams, Mitchell and et al.},
 url = {http://hdl.handle.net/11234/1-3105},
 note = {{LINDAT}/{CLARIAH}-{CZ} digital library at the Institute of Formal and Applied Linguistics ({{\'U}FAL}), Faculty of Mathematics and Physics, Charles University},
 copyright = {Licence Universal Dependencies v2.5},
 year = {2019} }
 
 @inproceedings{rahimi2019,
    title = "Massively Multilingual Transfer for {NER}",
    author = "Rahimi, Afshin  and
      Li, Yuan  and
      Cohn, Trevor",
    booktitle = "Proceedings of the 57th Annual Meeting of the Association for Computational Linguistics",
    month = jul,
    year = "2019",
    address = "Florence, Italy",
    publisher = "Association for Computational Linguistics",
    url = "https://www.aclweb.org/anthology/P19-1015",
    doi = "10.18653/v1/P19-1015",
    pages = "151--164",
}

@article{erniem,
  title={ERNIE-M: Enhanced Multilingual Representation by Aligning Cross-lingual Semantics with Monolingual Corpora},
  author={Ouyang, Xuan and Wang, Shuohuan and Pang, Chao and Sun, Yu and Tian, Hao and Wu, Hua and Wang, Haifeng},
  journal={arXiv preprint arXiv:2012.15674},
  year={2020}
}

@inproceedings{
Cao2020Multilingual,
title={Multilingual Alignment of Contextual Word Representations},
author={Steven Cao and Nikita Kitaev and Dan Klein},
booktitle={International Conference on Learning Representations},
year={2020},
url={https://openreview.net/forum?id=r1xCMyBtPS}
}

@inproceedings{zhao2020inducing,
    title = "Inducing Language-Agnostic Multilingual Representations",
    author = "Zhao, Wei  and
      Eger, Steffen  and
      Bjerva, Johannes  and
      Augenstein, Isabelle",
    booktitle = "Proceedings of *SEM 2021: The Tenth Joint Conference on Lexical and Computational Semantics",
    month = aug,
    year = "2021",
    address = "Online",
    publisher = "Association for Computational Linguistics",
    url = "https://aclanthology.org/2021.starsem-1.22",
    doi = "10.18653/v1/2021.starsem-1.22",
    pages = "229--240",
}

@inproceedings{ren2019explicit,
    title = "Explicit Cross-lingual Pre-training for Unsupervised Machine Translation",
    author = "Ren, Shuo  and
      Wu, Yu  and
      Liu, Shujie  and
      Zhou, Ming  and
      Ma, Shuai",
    booktitle = "Proceedings of the 2019 Conference on Empirical Methods in Natural Language Processing and the 9th International Joint Conference on Natural Language Processing (EMNLP-IJCNLP)",
    month = nov,
    year = "2019",
    address = "Hong Kong, China",
    publisher = "Association for Computational Linguistics",
    url = "https://www.aclweb.org/anthology/D19-1071",
    doi = "10.18653/v1/D19-1071",
    pages = "770--779",
}

@inproceedings{wu2020explicit,
    title = "Do Explicit Alignments Robustly Improve Multilingual Encoders?",
    author = "Wu, Shijie  and
      Dredze, Mark",
    booktitle = "Proceedings of the 2020 Conference on Empirical Methods in Natural Language Processing (EMNLP)",
    month = nov,
    year = "2020",
    address = "Online",
    publisher = "Association for Computational Linguistics",
    url = "https://www.aclweb.org/anthology/2020.emnlp-main.362",
    doi = "10.18653/v1/2020.emnlp-main.362",
    pages = "4471--4482",
}

@inproceedings{pointer,
 author = {Vinyals, Oriol and Fortunato, Meire and Jaitly, Navdeep},
 booktitle = {Advances in Neural Information Processing Systems},
 editor = {C. Cortes and N. Lawrence and D. Lee and M. Sugiyama and R. Garnett},
 pages = {2692--2700},
 title = {Pointer Networks},
 url = {https://proceedings.neurips.cc/paper/2015/file/29921001f2f04bd3baee84a12e98098f-Paper.pdf},
 volume = {28},
 year = {2015}
}

@article{ot,
  title={Computational optimal transport: With applications to data science},
  author={Peyr{\'e}, Gabriel and Cuturi, Marco and others},
  journal={Foundations and Trends{\textregistered} in Machine Learning},
  volume={11},
  number={5-6},
  pages={355--607},
  year={2019},
  publisher={Now Publishers, Inc.}
}


@article{pan2020multilingual,
  title={Multilingual BERT Post-Pretraining Alignment},
  author={Pan, Lin and Hang, Chung-Wei and Qi, Haode and Shah, Abhishek and Yu, Mo and Potdar, Saloni},
  journal={arXiv preprint arXiv:2010.12547},
  year={2020}
}

@inproceedings{zhao2021calibrate,
  title={Calibrate before use: Improving few-shot performance of language models},
  author={Zhao, Zihao and Wallace, Eric and Feng, Shi and Klein, Dan and Singh, Sameer},
  booktitle={ICML},
  pages={12697--12706},
  year={2021},
}

@inproceedings{liu2021makes,
    title = "What Makes Good In-Context Examples for {GPT}-3?",
    author = "Liu, Jiachang  and
      Shen, Dinghan  and
      Zhang, Yizhe  and
      Dolan, Bill  and
      Carin, Lawrence  and
      Chen, Weizhu",
    booktitle = "Proceedings of Deep Learning Inside Out (DeeLIO 2022): The 3rd Workshop on Knowledge Extraction and Integration for Deep Learning Architectures",
    month = may,
    year = "2022",
    address = "Dublin, Ireland and Online",
    publisher = "Association for Computational Linguistics",
    url = "https://aclanthology.org/2022.deelio-1.10",
    doi = "10.18653/v1/2022.deelio-1.10",
    pages = "100--114",
}

@misc{protocalibration,
  author = {Han, Zhixiong and Hao, Yaru and Dong, Li and Wei, Furu},
  title = {Prototypical Calibration for Few-shot Learning of Language Models},
  publisher = {arXiv},
  year = {2022}
}

@inproceedings{learningtoretrieval,
  author    = {Ohad Rubin and
               Jonathan Herzig and
               Jonathan Berant},
  title     = {Learning To Retrieve Prompts for In-Context Learning},
  booktitle = {Proceedings of the 2022 Conference of the North American Chapter of
               the Association for Computational Linguistics: Human Language Technologies,
               {NAACL} 2022, Seattle, WA, United States, July 10-15, 2022},
  pages     = {2655--2671},
  publisher = {Association for Computational Linguistics},
  year      = {2022}
}

@inproceedings{
bayesian,
title={An Explanation of In-context Learning as Implicit Bayesian Inference},
author={Sang Michael Xie and Aditi Raghunathan and Percy Liang and Tengyu Ma},
booktitle={ICLR},
year={2022}
}

@article{freqimpact,
  title={Impact of Pretraining Term Frequencies on Few-Shot Reasoning},
  author={Yasaman Razeghi and Robert L Logan IV and Matt Gardner and Sameer Singh},
  journal={ArXiv},
  year={2022},
  volume={abs/2202.07206}
}

@inproceedings{corpora,
    title = "On the Effect of Pretraining Corpora on In-context Learning by a Large-scale Language Model",
    author = "Shin, Seongjin  and
      Lee, Sang-Woo  and
      Ahn, Hwijeen  and
      Kim, Sungdong  and
      Kim, HyoungSeok  and
      Kim, Boseop  and
      Cho, Kyunghyun  and
      Lee, Gichang  and
      Park, Woomyoung  and
      Ha, Jung-Woo  and
      Sung, Nako",
    booktitle = "Proceedings of the 2022 Conference of the North American Chapter of the Association for Computational Linguistics: Human Language Technologies",
    month = jul,
    year = "2022",
    address = "Seattle, United States",
    publisher = "Association for Computational Linguistics",
    url = "https://aclanthology.org/2022.naacl-main.380",
    doi = "10.18653/v1/2022.naacl-main.380",
    pages = "5168--5186",
}

@article{min2022rethinking,
  title={Rethinking the Role of Demonstrations: What Makes In-Context Learning Work?},
  author={Min, Sewon and Lyu, Xinxi and Holtzman, Ari and Artetxe, Mikel and Lewis, Mike and Hajishirzi, Hannaneh and Zettlemoyer, Luke},
  journal = {arXiv},
  year = {2022}
}

@misc{kim2022groundtruth,
      title={Ground-Truth Labels Matter: A Deeper Look into Input-Label Demonstrations}, 
      author={Junyeob Kim and Hyuhng Joon Kim and Hyunsoo Cho and Hwiyeol Jo and Sang-Woo Lee and Sang-goo Lee and Kang Min Yoo and Taeuk Kim},
      journal = {arXiv},
        year = {2022}
}

@inproceedings{fusionindecoder,
  author    = {Gautier Izacard and
               Edouard Grave},
  editor    = {Paola Merlo and
               J{\"{o}}rg Tiedemann and
               Reut Tsarfaty},
  title     = {Leveraging Passage Retrieval with Generative Models for Open Domain
               Question Answering},
  booktitle = {Proceedings of the 16th Conference of the European Chapter of the
               Association for Computational Linguistics: Main Volume, {EACL} 2021,
               Online, April 19 - 23, 2021},
  pages     = {874--880},
  publisher = {Association for Computational Linguistics},
  year      = {2021},
}

@inproceedings{topkattention,
  author    = {Ankit Gupta and
               Guy Dar and
               Shaya Goodman and
               David Ciprut and
               Jonathan Berant},
  editor    = {Nafise Sadat Moosavi and
               Iryna Gurevych and
               Angela Fan and
               Thomas Wolf and
               Yufang Hou and
               Ana Marasovic and
               Sujith Ravi},
  title     = {Memory-efficient Transformers via Top-k Attention},
  booktitle = {Proceedings of the Second Workshop on Simple and Efficient Natural
               Language Processing, SustaiNLP@EMNLP 2021, Virtual, November 10, 2021},
  pages     = {39--52},
  publisher = {Association for Computational Linguistics},
  year      = {2021},
}

@misc{fairseqlm,
  author = {Artetxe, Mikel and Bhosale, Shruti and Goyal, Naman and Mihaylov, Todor and Ott, Myle and Shleifer, Sam and Lin, Xi Victoria and Du, Jingfei and Iyer, Srinivasan and Pasunuru, Ramakanth and Anantharaman, Giri and Li, Xian and Chen, Shuohui and Akin, Halil and Baines, Mandeep and Martin, Louis and Zhou, Xing and Koura, Punit Singh and O'Horo, Brian and Wang, Jeff and Zettlemoyer, Luke and Diab, Mona and Kozareva, Zornitsa and Stoyanov, Ves},
  title = {Efficient Large Scale Language Modeling with Mixtures of Experts},
  publisher = {arXiv},
  year = {2021}
}

@inproceedings{
bloom,
title={Introducing The World’s Largest Open Multilingual Language Model: {BLOOM}},
publisher={BigScience},
year={2022}
}

@inproceedings{sst,
    title = "Recursive Deep Models for Semantic Compositionality Over a Sentiment Treebank",
    author = "Socher, Richard  and
      Perelygin, Alex  and
      Wu, Jean  and
      Chuang, Jason  and
      Manning, Christopher D.  and
      Ng, Andrew  and
      Potts, Christopher",
    booktitle = "Proceedings of the 2013 Conference on Empirical Methods in Natural Language Processing",
    month = oct,
    year = "2013",
    address = "Seattle, Washington, USA",
    publisher = "Association for Computational Linguistics",
    url = "https://www.aclweb.org/anthology/D13-1170",
    pages = "1631--1642",
}

@InProceedings{mr,
  author =       {Bo Pang and Lillian Lee},
  title =        {Seeing stars: Exploiting class relationships for sentiment
                  categorization with respect to rating scales},
  booktitle =    {Proceedings of the ACL},
  year =         2005
}

@inproceedings{subj,
    title = "A Sentimental Education: Sentiment Analysis Using Subjectivity Summarization Based on Minimum Cuts",
    author = "Pang, Bo  and
      Lee, Lillian",
    booktitle = "Proceedings of the 42nd Annual Meeting of the Association for Computational Linguistics ({ACL}-04)",
    month = jul,
    year = "2004",
    address = "Barcelona, Spain",
    url = "https://aclanthology.org/P04-1035",
    doi = "10.3115/1218955.1218990",
    pages = "271--278",
}

@inproceedings{dbpedia:agnews,
  title={Character-level Convolutional Networks for Text Classification},
  author={Xiang Zhang and Junbo Jake Zhao and Yann LeCun},
  booktitle={Advances in neural information processing systems},
  year={2015}
}

@inproceedings{trec,
  title={Building a question answering test collection},
  author={Voorhees, Ellen M and Tice, Dawn M},
  booktitle={Proceedings of the 23rd annual international ACM SIGIR conference on Research and development in information retrieval},
  pages={200--207},
  year={2000}
}

@article{cb, title={The {CommitmentBank}: Investigating projection in naturally occurring discourse}, volume={23}, number={2}, journal={Proceedings of Sinn und Bedeutung}, author={de Marneffe, Marie-Catherine and Simons, Mandy and Tonhauser, Judith}, year={2019}, month={Jul.}, pages={107-124} }


@inproceedings{boolq,
    title = "{B}ool{Q}: Exploring the Surprising Difficulty of Natural Yes/No Questions",
    author = "Clark, Christopher  and
      Lee, Kenton  and
      Chang, Ming-Wei  and
      Kwiatkowski, Tom  and
      Collins, Michael  and
      Toutanova, Kristina",
    booktitle = "Proceedings of the 2019 Conference of the North {A}merican Chapter of the Association for Computational Linguistics: Human Language Technologies, Volume 1 (Long and Short Papers)",
    month = jun,
    year = "2019",
    address = "Minneapolis, Minnesota",
    publisher = "Association for Computational Linguistics",
    url = "https://aclanthology.org/N19-1300",
    doi = "10.18653/v1/N19-1300",
    pages = "2924--2936",
}

@inproceedings{hellaswag,
    title={HellaSwag: Can a Machine Really Finish Your Sentence?},
    author={Zellers, Rowan and Holtzman, Ari and Bisk, Yonatan and Farhadi, Ali and Choi, Yejin},
    booktitle ={Proceedings of the 57th Annual Meeting of the Association for Computational Linguistics},
    year={2019}
}

@inproceedings{storycloze,
  title={Lsdsem 2017 shared task: The story cloze test},
  author={Mostafazadeh, Nasrin and Roth, Michael and Louis, Annie and Chambers, Nathanael and Allen, James},
  booktitle={Proceedings of the 2nd Workshop on Linking Models of Lexical, Sentential and Discourse-level Semantics},
  pages={46--51},
  year={2017}
}

@inproceedings{piqa,
  author = {Yonatan Bisk and Rowan Zellers and
            Ronan Le Bras and Jianfeng Gao
            and Yejin Choi},
  title = {PIQA: Reasoning about Physical Commonsense in
           Natural Language},
  booktitle = {Thirty-Fourth AAAI Conference on
               Artificial Intelligence},
  year = {2020},
}

@inproceedings{obqa,
 title={Can a Suit of Armor Conduct Electricity? A New Dataset for Open Book Question Answering},
 author={Todor Mihaylov and Peter Clark and Tushar Khot and Ashish Sabharwal},
 booktitle={EMNLP},
 year={2018}
}

@article{arc,
      author    = {Peter Clark  and Isaac Cowhey and Oren Etzioni and Tushar Khot and
                    Ashish Sabharwal and Carissa Schoenick and Oyvind Tafjord},
      title     = {Think you have Solved Question Answering? Try ARC, the AI2 Reasoning Challenge},
      journal   = {arXiv:1803.05457v1},
      year      = {2018},
}

@article{superglue,
  title={{SuperGLUE}: A Stickier Benchmark for General-Purpose Language Understanding Systems},
  author={Wang, Alex and Pruksachatkun, Yada and Nangia, Nikita and Singh, Amanpreet and Michael, Julian and Hill, Felix and Levy, Omer and Bowman, Samuel R},
  journal={arXiv preprint arXiv:1905.00537},
  year={2019}
}

@article{nq,
title	= {Natural Questions: a Benchmark for Question Answering Research},
author	= {Tom Kwiatkowski and Jennimaria Palomaki and Olivia Redfield and Michael Collins and Ankur Parikh and Chris Alberti and Danielle Epstein and Illia Polosukhin and Matthew Kelcey and Jacob Devlin and Kenton Lee and Kristina N. Toutanova and Llion Jones and Ming-Wei Chang and Andrew Dai and Jakob Uszkoreit and Quoc Le and Slav Petrov},
year	= {2019},
journal	= {Transactions of the Association of Computational Linguistics}
}

@inproceedings{webqs,
    title = "Semantic Parsing on {F}reebase from Question-Answer Pairs",
    author = "Berant, Jonathan  and
      Chou, Andrew  and
      Frostig, Roy  and
      Liang, Percy",
    booktitle = "Proceedings of the 2013 Conference on Empirical Methods in Natural Language Processing",
    month = oct,
    year = "2013",
    address = "Seattle, Washington, USA",
    publisher = "Association for Computational Linguistics",
    url = "https://www.aclweb.org/anthology/D13-1160",
    pages = "1533--1544",
}

@article{triviaqa,
       author = {{Joshi}, Mandar and {Choi}, Eunsol and {Weld},
                 Daniel and {Zettlemoyer}, Luke},
        title = "{triviaqa: A Large Scale Distantly Supervised Challenge Dataset for Reading Comprehension}",
      journal = {arXiv e-prints},
         year = 2017,
          eid = {arXiv:1705.03551},
        pages = {arXiv:1705.03551},
archivePrefix = {arXiv},
       eprint = {1705.03551},
}

@article{alibi,
  title={Train short, test long: Attention with linear biases enables input length extrapolation},
  author={Press, Ofir and Smith, Noah A and Lewis, Mike},
  journal={arXiv preprint arXiv:2108.12409},
  year={2021}
}

@article{adagrad,
  title={Adaptive subgradient methods for online learning and stochastic optimization.},
  author={Duchi, John and Hazan, Elad and Singer, Yoram},
  journal={Journal of machine learning research},
  volume={12},
  number={7},
  year={2011}
}
@article{momentum,
  title={Some methods of speeding up the convergence of iteration methods},
  author={Polyak, Boris T},
  journal={Ussr computational mathematics and mathematical physics},
  volume={4},
  number={5},
  pages={1--17},
  year={1964},
  publisher={Elsevier}
}

@inproceedings{nesterov,
  title={On the importance of initialization and momentum in deep learning},
  author={Sutskever, Ilya and Martens, James and Dahl, George and Hinton, Geoffrey},
  booktitle={International conference on machine learning},
  pages={1139--1147},
  year={2013},
  organization={PMLR}
}

@article{ema,
  title={The exponentially weighted moving average},
  author={Hunter, J Stuart},
  journal={Journal of quality technology},
  volume={18},
  number={4},
  pages={203--210},
  year={1986},
  publisher={Taylor \& Francis}
}

@article{mega,
  title={Mega: Moving Average Equipped Gated Attention},
  author={Ma, Xuezhe and Zhou, Chunting and Kong, Xiang and He, Junxian and Gui, Liangke and Neubig, Graham and May, Jonathan and Zettlemoyer, Luke},
  journal={arXiv preprint arXiv:2209.10655},
  year={2022}
}

@inproceedings{textcnn,
  title={Convolutional Neural Networks for Sentence Classification},
  author={Kim, Yoon},
  booktitle={Proceedings of the 2014 Conference on Empirical Methods in Natural Language Processing (EMNLP)},
  pages={1746--1751},
  year={2014}
}
@article{S4,
  title={Efficiently modeling long sequences with structured state spaces},
  author={Gu, Albert and Goel, Karan and R{\'e}, Christopher},
  journal={arXiv preprint arXiv:2111.00396},
  year={2021}
}

@InProceedings{imdb,
  author    = {Maas, Andrew L.  and  Daly, Raymond E.  and  Pham, Peter T.  and  Huang, Dan  and  Ng, Andrew Y.  and  Potts, Christopher},
  title     = {Learning Word Vectors for Sentiment Analysis},
  booktitle = {Proceedings of the 49th Annual Meeting of the Association for Computational Linguistics: Human Language Technologies},
  month     = {June},
  year      = {2011},
  address   = {Portland, Oregon, USA},
  publisher = {Association for Computational Linguistics},
  pages     = {142--150},
  url       = {http://www.aclweb.org/anthology/P11-1015}
}

@inproceedings{dual_form,
  author    = {Kazuki Irie and
               R{\'{o}}bert Csord{\'{a}}s and
               J{\"{u}}rgen Schmidhuber},
  title     = {The Dual Form of Neural Networks Revisited: Connecting Test Time Predictions to Training Patterns via Spotlights of Attention},
  booktitle = {International Conference on Machine Learning, {ICML} 2022},
  series    = {Proceedings of Machine Learning Research},
  volume    = {162},
  pages     = {9639--9659},
  publisher = {{PMLR}},
  year      = {2022},
  url       = {https://proceedings.mlr.press/v162/irie22a.html},
}

@article{dual1964,
  title={Theoretical foundation of potential functions method in pattern recognition},
  author={Aizerman, Mark A and Braverman, Emmanuil M and Rozonoer, Lev I},
  journal={Avtomatika i Telemekhanika},
  volume={25},
  number={6},
  pages={917--936},
  year={1964}
}

@article{rw1,
  author    = {Ekin Aky{\"{u}}rek and
               Dale Schuurmans and
               Jacob Andreas and
               Tengyu Ma and
               Denny Zhou},
  title     = {What learning algorithm is in-context learning? Investigations with
               linear models},
  journal   = {CoRR},
  volume    = {abs/2211.15661},
  year      = {2022},
  url       = {https://doi.org/10.48550/arXiv.2211.15661},
  doi       = {10.48550/arXiv.2211.15661},
}

@article{rw2,
  author    = {Shivam Garg and
               Dimitris Tsipras and
               Percy Liang and
               Gregory Valiant},
  title     = {What Can Transformers Learn In-Context? {A} Case Study of Simple Function
               Classes},
  journal   = {CoRR},
  volume    = {abs/2208.01066},
  year      = {2022},
  url       = {https://doi.org/10.48550/arXiv.2208.01066},
  doi       = {10.48550/arXiv.2208.01066},
}

@misc{wei2022emergent,
      title={Emergent Abilities of Large Language Models}, 
      author={Jason Wei and Yi Tay and Rishi Bommasani and Colin Raffel and Barret Zoph and Sebastian Borgeaud and Dani Yogatama and Maarten Bosma and Denny Zhou and Donald Metzler and Ed H. Chi and Tatsunori Hashimoto and Oriol Vinyals and Percy Liang and Jeff Dean and William Fedus},
      year={2022},
      eprint={2206.07682},
      archivePrefix={arXiv},
      primaryClass={cs.CL}
}